@misc{android_network_tutorial,
  title = {Android network tutorial},
  howpublished = {\\http://developer.android.com/training/basics/network-ops/index.html},
}

@misc{developer_android,
  title = {Android Developers},
  howpublished = {\\http://developer.android.com/index.html},
}

@misc{stack_overflow,
  title = {StackOverflow},
  howpublished = {\\http://stackoverflow.com/},
}

@misc{git_tutorial,
  title = {GitHub Tutorial},
  howpublished = {\\https://www.codecademy.com/learn/learn-git},
}

@misc{post_volley,
  title = {POST Request using Volley},
  howpublished = {\\https://www.simplifiedcoding.net/android-volley-post-request-tutorial/},
}

@misc{regex_test,
  title = {Testing of regular expressions},
  howpublished = {\\http://regexr.com/},
}

